@anual{R-lang,
  title = {R: A Language and Environment for Statistical Computing},
  author = {{R Core Team}},
  organization = {R Foundation for Statistical Computing},
  address = {Vienna, Austria},
  year = {2018},
  url = {https://www.R-project.org/},
}

@book{park2017fundamentals,
  title={Fundamentals of Probability and Stochastic Processes with Applications to Communications},
  author={Park, K.I.},
  isbn={9783319680743},
  lccn={2017953254},
  url={https://books.google.com.br/books?id=cd2SswEACAAJ},
  year={2017},
  publisher={Springer International Publishing}
}

@article{base-paper,
  author={Bruno M. de Castro, Florencia Leonardi},
  title={A model selection approach for multiple sequence segmentation and dimensionality reduction},
  year=2018,
  url = "https://www.ime.usp.br/~leonardi/castro-et-al2018.pdf"
}

@book{r-package-tutorial,
 author = {Wickham, Hadley},
 title = {R Packages},
 year = {2015},
 isbn = {1491910593, 9781491910597},
 edition = {1st},
 publisher = {O'Reilly Media, Inc.},
 url = "http://r-pkgs.had.co.nz/"
}

@Manual{segmentr-cran,
    title = {segmentr: Segment Data With Maximum Likelihood},
    author = {Thales Mello and Florencia Leonardi},
    year = {2019},
    note = {R package version 0.1.1},
    url = {https://CRAN.R-project.org/package=segmentr},
  }


@misc{segmentr-github,
  author = {Mello, Thales},
  title = {Segmentr: An R package to search for independent segments in a sequence (aka change points)},
  year = {2019},
  publisher = {GitHub},
  journal = {GitHub repository},
  howpublished = {\url{https://github.com/thalesmello/segmentr}},
  commit = {4f57d6a0e4c030202a07a60bc1bb1ed1544bf679}
}

@Article{rcpp,
  title = {{Rcpp}: Seamless {R} and {C++} Integration},
  author = {Dirk Eddelbuettel and Romain Fran\c{c}ois},
  journal = {Journal of Statistical Software},
  year = {2011},
  volume = {40},
  number = {8},
  pages = {1--18},
  url = {http://www.jstatsoft.org/v40/i08/},
  doi = {10.18637/jss.v040.i08},
}
